@Book{Lam92,
author = {Lamport L.},
title = {LaTeX system przygotowywania dokumentów},
publisher = {Wydawnictwo Ariel},
year = {1992},
address = {Krakow}
}

@Book{Dil00,
 author = {Diller A.},
 title = {LaTeX wiersz po wierszu},
 publisher = {Wydawnictwo Helion},
 year = {2000},
 address = {Gliwice}
}

@Book{Trend01,
 author = {Michael W. Covel},
 title = {Trend Following (Updated Edition)},
 publisher = {FT Press},
 year = {2009},
}

@book{Mitchell:1996:IGA:230231,
 author = {Mitchell, Melanie},
 title = {An introduction to genetic algorithms},
 year = {1996},
 isbn = {0-262-13316-4},
 publisher = {MIT Press},
 address = {Cambridge, MA, USA},
} 

@book{Deb:2001:MOU:559152,
 author = {Deb, Kalyanmoy and Kalyanmoy, Deb},
 title = {Multi-Objective Optimization Using Evolutionary Algorithms},
 year = {2001},
 isbn = {047187339X},
 publisher = {John Wiley \& Sons, Inc.},
 address = {New York, NY, USA},
} 

@Manual{ARM06,
title = {Ada Reference Manual {ISO}/{IEC} 8652:200y({E}) {E}d. 3},
organization = {Ada Europe},
year = {2006}
}

@Article{BuDo03,
author = {Burns, A. and Dobbing, B.},
title = {The {R}avenscar {P}rofile for Real--Time and High Integrity Systems},
journal = {Cross{T}alk},
year = {2003},
volume = {16},
number = {11},
pages = {9-12}
}

@InProceedings{PeDa04,
author = {Peleska, J. and Große, D. and Haxthausen, A. E. and Drechsler, R.},
title = {Automated Verification for Train Control Systems},
booktitle = {Proc. of the 5th Symposium on Formal Methods for Automation and Safety in Railway and Automotive Systems (FORMS/FORMAT 2004)},
year = {2004},
pages = {252-265},
address = {Braunschweig, Germany},
month = {December}
}

@TechReport{BuDoVa03,
author = {Burns, A. and Dobbing, B. and Vardanega, T.},
title = {Guide for the Use of the Ada Ravenscar Profile in High Integrity Systems},
institution = {University of York},
year = {2003},
number = {YCS-2003-348}
}

