@InProceedings{koza1990genetically,
  author       = {Koza, J.~R.},
  title        = {Genetically breeding populations of computer
                  programs to solve problems in artificial
                  intelligence},
  booktitle    = {Proceedings of the Second International Conference
                  on Tools for AI},
  year         = {1990},
  pages        = {819-827},
  publisher    = {IEEE Computer Society Press},
  address      = {Los Alamitos, CA, USA},
}

@InCollection{back1996evolution1,
  author       = {Bäck, T. and Schwefel, H.-P.},
  title        = {Evolution Strategies {I}: Variants and their
                  computational implementation},
  pages        = {111-126},
  crossref     = {winter1996genetic}
}

@InCollection{schwefel1996evolution2,
  author       = {Schwefel, H.-P. and Bäck, T.},
  title        = {Evolution Strategies {II}: Theoretical aspects},
  pages        = {127-140},
  crossref     = {winter1996genetic}
}

@InCollection{rudolph1997evolution,
  author       = {Rudolph, G.},
  title        = {Evolution strategies},
  crossref     = {back1997handbook}
}

@InCollection{eshelman1997genetic,
  author       = {Eshelman, L. J.},
  title        = {Genetic algorithms},
  crossref     = {back1997handbook}
}

@InCollection{porto1997evolutionary,
  author       = {Porto, V. W.},
  title        = {Evolutionary programming},
  crossref     = {back1997handbook}
}

@Article{back1993overview,
  author       = {Bäck, T. and Schwefel, H.-P.},
  title        = {An Overview of Evolutionary Algorithms for Parameter
                  Optimisation},
  journal      = {Evolutionary Computation},
  year         = {1993},
  volume       = {1},
  number       = {1},
  pages        = {1-23}
}

@InProceedings{back1996evolutionary,
  author       = {B\"{a}ck, T. and Schwefel, H.-P.},
  title        = {Evolutionary Computation: An Overview},
  crossref     = {icec1996proceedings}
}

@InCollection{back1997mutation,
  author       = {B\"{a}ck, T. and Fogel, D. B. and Whitley, D. and
                  Angeline, P. J.},
  title        = {Mutation},
  crossref     = {back1997handbook}
}

@InCollection{booker1997recombination,
  author       = {Booker, L. B. and Fogel, D. B. and Whitley, D. and
                  Angeline, P. J.},
  title        = {Recombination},
  crossref     = {back1997handbook}
}

@InProceedings{rudolph1992correlated,
  author       = {Rudolph, G.},
  title        = {On Correlated Mutations in Evolution Strategies},
  crossref     = {ppsn1992proceedings}
}

@Article{schoenauer1997evolutionary,
  author       = {Schoenauer, M. and Michalewicz, Z.},
  title        = {Evolutionary Computation},
  journal      = {Control and Cybernetics},
  year         = {1997},
  volume       = {26},
  number       = {3},
  pages        = {307-338}
}

@Article{mitchell1999evolutionary,
  author       = {Mitchell, M. and Taylor, Ch. E.},
  title        = {Evolutionary Computation: An Overview},
  journal      = {Annual Review of Ecology and Systematics},
  year         = {1999},
  volume       = {30},
  number       = {1},
  pages        = {593-616}
}

@Article{whitley2001overview,
  author       = {Whitley, D.},
  title        = {An overview of evolutionary algorithms: practical
                  issues and common pitfalls},
  journal      = {Information and Software Technology},
  year         = {2001},
  volume       = {43},
  number       = {14},
  pages        = {817-831}
}

@Article{michalewicz1996evolutionary,
  author       = {Michalewicz, Z. and Schoenauer, M.},
  title        = {Evolutionary Algorithms for Constrained Parameter
                  Optimization Problems},
  journal      = {Evolutionary Computation},
  volume       = {4},
  number       = {1},
  pages        = {1-32},
  year         = {1996}
}

@incollection{drezewski2008coevolutionary,
  author = {Dre{\.z}ewski, R. and Siwik, L.},
  title = {Co-evolutionary Multi-Agent System for Portfolio
                  Optimization},
  pages = {271-299},
  editor = {Brabazon, A. and O'Neill, M.},
  booktitle = {Natural Computing in Computational Finance},
  volume = {1},
  publisher = {Springer-Verlag},
  address = {Berlin, Heidelberg},
  year = {2008}
}

@phdthesis{co-evol,
 author = {Wiegand, Rudolf Paul},
 title = {An analysis of cooperative coevolutionary algorithms},
 year = {2004},
 note = {AAI3108645},
 publisher = {George Mason University},
 address = {Fairfax, VA, USA},
} 

@inproceedings{drezewski2008agent-based-cooperative,
  author = {Dre{\.z}ewski, R. and Siwik, L.},
  title = {Agent-Based Co-Operative Co-Evolutionary Algorithm
                  for Multi-Objective Optimization},
  pages = {388-397},
  editor = {Rutkowski, L. and Tadeusiewicz, R. and Zadeh,
                  Lotfi~A. and Zurada, Jacek~M.},
  booktitle = {Artificial Intelligence and Soft Computing -- ICAISC
                  2008, 9th International Conference, Zakopane,
                  Poland, June 22-26, 2008, Proceedings},
  publisher = {Springer-Verlag},
  address = {Berlin, Heidelberg},
  series = {LNCS},
  volume = {5097},
  year = {2008}
}

@Book{Trend01,
 author = {Michael W. Covel},
 title = {Trend Following (Updated Edition)},
 publisher = {FT Press},
 year = {2009},
}

@Article{CAPM,
author = {Eugene F. Fama},
title = {Risk, Return and Equilibrium: Some Clarifying Comments},
journal = {The Journal of Finance},
year = {1968},
volume = {23},
number = {1},
pages = {29-40}
}

@Article{MPT,
author = {Brian M . Rom and Kathleen W . Ferguson },
title = {Post-Modern Portfolio Theory Comes of Age},
journal = {The Journal of Investing},
year = {1994},
volume = {3},
number = {3},
pages = {11-17}
}

@book{Mitchell01,
 author = {Mitchell, Melanie},
 title = {An introduction to genetic algorithms},
 year = {1996},
 isbn = {0-262-13316-4},
 publisher = {MIT Press},
 address = {Cambridge, MA, USA},
} 

@inproceedings{Drezewski:2009:CMC:1533570.1533599,
 author = {Dre\.{z}ewski, Rafa\l and Obrocki, Krystian and Siwik, Leszek},
 title = {Comparison of Multi-agent Co-operative Co-evolutionary and Evolutionary Algorithms for Multi-objective Portfolio Optimization},
 booktitle = {Proceedings of the EvoWorkshops 2009 on Applications of Evolutionary Computing: EvoCOMNET, EvoENVIRONMENT, EvoFIN, EvoGAMES, EvoHOT, EvoIASP, EvoINTERACTION, EvoMUSART, EvoNUM, EvoSTOC, EvoTRANSLOG},
 series = {EvoWorkshops '09},
 year = {2009},
 isbn = {978-3-642-01128-3},
 location = {T\&\#252;bingen, Germany},
 pages = {223--232},
 numpages = {10},
 acmid = {1533599},
 publisher = {Springer-Verlag},
 address = {Berlin, Heidelberg},
} 

@inproceedings{Lipinski:2009:BRP:1574739.1574764,
 author = {Lipinski, Piotr and Winczura, Katarzyna and Wojcik, Joanna},
 title = {Building Risk-Optimal Portfolio Using Evolutionary Strategies},
 booktitle = {Proceedings of the 2007 EvoWorkshops 2007 on EvoCoMnet, EvoFIN, EvoIASP,EvoINTERACTION, EvoMUSART, EvoSTOC and EvoTransLog: Applications of Evolutionary Computing},
 year = {2007},
 isbn = {978-3-540-71804-8},
 location = {Valencia, Spain},
 pages = {208--217},
 numpages = {10},
 acmid = {1574764},
 publisher = {Springer-Verlag},
 address = {Berlin, Heidelberg},
 keywords = {Evolution Strategies, Evolutionary Computation, Financial Time Series, Portfolio Optimization, Risk Measures, Warsaw Stock Exchange},
} 

@inproceedings{Drezewski:2009:MOT:1574739.1574761,
 author = {Dre\.{z}ewski, Rafa\l and Siwik, Leszek},
 title = {Multi-objective Optimization Technique Based on Co-evolutionary Interactions in Multi-agent System},
 booktitle = {Proceedings of the 2007 EvoWorkshops 2007 on EvoCoMnet, EvoFIN, EvoIASP,EvoINTERACTION, EvoMUSART, EvoSTOC and EvoTransLog: Applications of Evolutionary Computing},
 year = {2007},
 isbn = {978-3-540-71804-8},
 location = {Valencia, Spain},
 pages = {179--188},
 numpages = {10},
 acmid = {1574761},
 publisher = {Springer-Verlag},
 address = {Berlin, Heidelberg},
} 


